@inproceedings{lham,
    author = "Peter Muth and Patrick O'Neil and Achim Pick and Gerhard Weikum",
    title = "Design, Implementation, and Performance of the {LHAM} Log-Structured History Data Access Method",
    booktitle = "{VLDB}",
    OPTfoo = "Proc. 24th Int. Conf. Very Large Data Bases, {VLDB}",
    OPTmonth = "24--27~",
    OPTpages = "452--463",
    year = "1998",
    url = "citeseer.ist.psu.edu/muth98design.html" }

@article{partexp,
 author = {Christopher Jermaine and Edward Omiecinski and Wai Gen Yee},
 title = {The partitioned exponential file for database storage management},
 journal = {The VLDB Journal},
 volume = {16},
 number = {4},
 year = {2007},
 issn = {1066-8888},
 pages = {417--437},
 doi = {http://dx.doi.org/10.1007/s00778-005-0171-7},
 publisher = {Springer-Verlag New York, Inc.},
 address = {Secaucus, NJ, USA},
 }


@inproceedings{compExec,
 author = {Daniel Abadi and Samuel Madden and Miguel Ferreira},
 title = {Integrating compression and execution in column-oriented database systems},
 booktitle = {SIGMOD},
 OPTfoo= { '06: Proceedings of the 2006 ACM SIGMOD international conference on Management of data},
 year = {2006},
 OPTisbn = {1-59593-434-0},
 OPTpages = {671--682},
 OPTlocation = {Chicago, IL, USA},
 OPTdoi = {http://doi.acm.org/10.1145/1142473.1142548},
 OPTpublisher = {ACM},
 OPTaddress = {New York, NY, USA},
 }
@inproceedings{pfor,
 author = {Marcin Zukowski and Sandor Heman and Niels Nes and Peter Boncz},
 title = {Super-Scalar {RAM-CPU} Cache Compression},
 booktitle = {ICDE},
 OPTfoo = { '06: Proceedings of the 22nd International Conference on Data Engineering (ICDE'06)},
 year = {2006},
 OPTisbn = {0-7695-2570-9},
 OPTpages = {59},
 OPTdoi = {http://dx.doi.org/10.1109/ICDE.2006.150},
 OPTpublisher = {IEEE Computer Society},
 OPTaddress = {Washington, DC, USA},
 }

@inproceedings{PAX,
 author = {Anastassia Ailamaki and David J. DeWitt and Mark D. Hill and Marios Skounakis},
 title = {Weaving Relations for Cache Performance},
 booktitle = {VLDB},
 OPTfoo =  { 01: Proceedings of the 27th International Conference on Very Large Data Bases},
 year = {2001},
 OPTisbn = {1-55860-804-4},
 OPTpages = {169--180},
 OPTpublisher = {Morgan Kaufmann Publishers Inc.},
 OPTaddress = {San Francisco, CA, USA}
}

@article{lsm,
  title={{The log-structured merge-tree (LSM-tree)}},
  author={O'Neil, P. and Cheng, E. and Gawlick, D. and O'Neil, E.},
  journal={Acta Informatica},
  volume={33},
  number={4},
  pages={351--385},
  year={1996},
  publisher={Springer-Verlag New York, Inc. Secaucus, NJ, USA}
}

@article{rowImplementationPerf,
 author = {Till Westmann and Donald Kossmann and Sven Helmer and Guido Moerkotte},
 title = {The implementation and performance of compressed databases},
 journal = {SIGMOD Rec.},
 volume = {29},
 number = {3},
 year = {2000},
 issn = {0163-5808},
 pages = {55--67},
 doi = {http://doi.acm.org/10.1145/362084.362137},
 publisher = {ACM},
 address = {New York, NY, USA},
 }

@article{bTreeHighUpdateRates,
 author = {Goetz Graefe},
 title = {{B-Tree} indexes for high update rates},
 journal = {SIGMOD Rec.},
 volume = {35},
 number = {1},
 year = {2006},
 issn = {0163-5808},
 pages = {39--44},
 doi = {http://doi.acm.org/10.1145/1121995.1122002},
 publisher = {ACM},
 address = {New York, NY, USA},
 }
@article{concurrencyControl,
 author = {Philip A. Bernstein and Nathan Goodman},
 title = {Concurrency Control in Distributed Database Systems},
 journal = {ACM Comput. Surv.},
 volume = {13},
 number = {2},
 year = {1981},
 issn = {0360-0300},
 pages = {185--221},
 doi = {http://doi.acm.org/10.1145/356842.356846},
 publisher = {ACM},
 address = {New York, NY, USA},
 }
@inproceedings{onlineMerging,
 author = {Xiaowei Sun and Rui Wang and Betty Salzberg and Chendong Zou},
 title = {Online {B-tree} merging},
 booktitle = {SIGMOD},
 OPTfoo ={ '05: Proceedings of the 2005 ACM SIGMOD international conference on Management of data},
 year = {2005},
 OPTisbn = {1-59593-060-4},
 OPTpages = {335--346},
 OPTlocation = {Baltimore, Maryland},
 OPTdoi = {http://doi.acm.org/10.1145/1066157.1066196},
 OPTpublisher = {ACM},
 OPTaddress = {New York, NY, USA},
 }
@inproceedings{cidrPartitionedBTree,
  author    = {Goetz Graefe},
  title     = {Sorting And Indexing With Partitioned {B-Trees}},
  booktitle = {CIDR},
  year      = {2003},
  ee        = {http://www-db.cs.wisc.edu/cidr/cidr2003/program/p1.pdf},
  bibsource = {DBLP, http://dblp.uni-trier.de}
}
@inproceedings{bitsForChronos,
 author = {Allison L. Holloway and Vijayshankar Raman and Garret Swart and David J. DeWitt},
 title = {How to barter bits for chronons: Compression and bandwidth trade offs for database scans},
 booktitle = {SIGMOD},
 OPTfoo = {'07: Proceedings of the 2007 ACM SIGMOD international conference on Management of data},
 year = {2007},
 OPTisbn = {978-1-59593-686-8},
 OPTpages = {389--400},
 OPTlocation = {Beijing, China},
 OPTdoi = {http://doi.acm.org/10.1145/1247480.1247525},
 OPTpublisher = {ACM},
 OPTaddress = {New York, NY, USA},
 }


@InProceedings{entropy,
  author = 	 {Vijayshankar Raman and Garret Swart},
  title = 	 {How to Wring a Table Dry: Entropy Compression of Relations and Querying of Compressed Relations},
  OPTcrossref =  {},
  OPTkey = 	 {},
  booktitle = {VLDB},
  OPTpages = 	 {},
  year = 	 {2006},
  OPTeditor = 	 {},
  OPTvolume = 	 {},
  OPTnumber = 	 {},
  OPTseries = 	 {},
  OPTaddress = 	 {},
  OPTmonth = 	 {},
  OPTorganization = {},
  OPTpublisher = {},
  OPTnote = 	 {},
  OPTannote = 	 {}
}

@InProceedings{stasis,
  author = 	 {Russell Sears and Eric Brewer},
  title = 	 {Stasis: Flexible Transactional Storage},
  OPTcrossref =  {},
  OPTkey = 	 {},
  booktitle = {OSDI},
  OPTpages = 	 {},
  year = 	 {2006},
  OPTeditor = 	 {},
  OPTvolume = 	 {},
  OPTnumber = 	 {},
  OPTseries = 	 {},
  OPTaddress = 	 {},
  OPTmonth = 	 {},
  OPTorganization = {},
  OPTpublisher = {},
  OPTnote = 	 {},
  OPTannote = 	 {}
}

@Misc{hdBench,
  key = 	 {Storage Review},
  author = 	 {StorageReview.com},
  title = 	 {Seagate Barracuda 750ES},
  howpublished = {http://www.storagereview.com/ST3750640NS.sr},
  month = 	 {12},
  year = 	 {2006},
  OPTnote = 	 {},
  OPTannote = 	 {}
}

@Misc{nssl,
  key = 	 {National Severe},
  OPTauthor = 	 {},
  OPTtitle = 	 {},
  howpublished = {National Severe Storms Laboratory Historical Weather Data Archives, Norman, Oklahoma, from their Web site at http://data.nssl.noaa.gov},
  OPTmonth = 	 {},
  OPTyear = 	 {},
  OPTnote = 	 {},
  OPTannote = 	 {}
}

@InCollection{searchengine,
  author = 	 {Eric A. Brewer},
  title = 	 {Combining Systems and Databases: A Search Engine Retrospective},
  booktitle = 	 {Readings in Database Systems},
  OPTcrossref =  {},
  OPTkey = 	 {},
  OPTpages = 	 {},
  OPTpublisher = {},
  year = 	 {2005},
  editor = 	 {Joseph M. Hellerstein and Michael Stonebraker},
  OPTvolume = 	 {},
  OPTnumber = 	 {},
  OPTseries = 	 {},
  OPTtype = 	 {},
  OPTchapter = 	 {},
  OPTaddress = 	 {},
  edition = 	 {4th},
  OPTmonth = 	 {},
  OPTnote = 	 {},
  OPTannote = 	 {}
}

